<record xmlns="http://www.loc.gov/MARC21/slim" xmlns:xsi="http://www.w3.org/2001/XMLSchema-instance" xsi:schemaLocation="http://www.loc.gov/MARC21/slim http://www.loc.gov/standards/marcxml/schema/MARC21slim.xsd"><leader>01299nam a2200301   4500</leader><controlfield tag="001">001680252</controlfield><controlfield tag="003">NNU</controlfield><controlfield tag="006">m        d        </controlfield><controlfield tag="007">cr cn |||m|||a</controlfield><controlfield tag="008">140707s1967    iq      ob    001 0darax</controlfield><datafield ind1=" " ind2=" " tag="040"><subfield code="a">NNU</subfield><subfield code="b">eng</subfield><subfield code="c">NNU</subfield></datafield><datafield ind1="0" ind2=" " tag="050"><subfield code="a">PJ7696</subfield><subfield code="b">.A27 1967</subfield></datafield><datafield ind1="1" ind2=" " tag="100"><subfield code="a">Abu Zubayd, &#7716;armalah ibn al-Mundhir,</subfield><subfield code="d">7th cent.</subfield></datafield><datafield ind1="1" ind2="0" tag="245"><subfield code="a">Shi&#699;r Ab&#299; Zubayd al-&#7788;&#257;&#700;&#299;</subfield><subfield code="h">[electronic resource].</subfield><subfield code="c">Jama&#699;ahu wa-&#7717;aqqaqahu N&#363;r&#299; &#7716;amm&#363;d&#299; al-Qays&#299;.</subfield></datafield><datafield ind1=" " ind2=" " tag="260"><subfield code="a">Baghd&#257;d,</subfield><subfield code="b">Ma&#7789;ba&#699;at al-Ma&#699;&#257;rif,</subfield><subfield code="c">1967.</subfield></datafield><datafield ind1=" " ind2=" " tag="300"><subfield code="a">online resource (213 p.)</subfield></datafield><datafield ind1=" " ind2=" " tag="500"><subfield code="a">In Arabic.</subfield></datafield><datafield ind1=" " ind2=" " tag="500"><subfield code="a">Cover title: Shi&#699;r Abi Zubayd al-Ta&#700;i.</subfield></datafield><datafield ind1=" " ind2=" " tag="500"><subfield code="a">Part of the Arabic Collections Online (ACO) project, contributed by New York Univeristy Libraries.</subfield></datafield><datafield ind1=" " ind2=" " tag="504"><subfield code="a">Bibliography: p. 197-209.</subfield></datafield><datafield ind1=" " ind2=" " tag="500"><subfield code="a">Includes indexes.</subfield></datafield><datafield ind1=" " ind2=" " tag="533"><subfield code="a">Electronic reproduction.</subfield><subfield code="b">New York, N.Y. :</subfield><subfield code="c">New York University,</subfield><subfield code="d">2014.</subfield><subfield code="5">NNU</subfield></datafield><datafield ind1="1" ind2=" " tag="700"><subfield code="a">al-Qays&#299;, N&#363;r&#299; &#7716;amm&#363;d&#299;</subfield></datafield><datafield ind1="2" ind2=" " tag="710"><subfield code="a">New York University.</subfield><subfield code="b">Libraries.</subfield></datafield><datafield ind1="0" ind2=" " tag="730"><subfield code="a">Arabic Collections Online.</subfield></datafield><datafield ind1="0" ind2="8" tag="776"><subfield code="i">Print version:</subfield><subfield code="a">Abu Zubayd, &#7716;armalah ibn al-Mundhir, 7th cent.</subfield><subfield code="t">Shi&#699;r Ab&#299; Zubayd al-&#7788;&#257;&#700;&#299;</subfield><subfield code="w">(NNU)001680252</subfield><subfield code="w">(DLC)ne 68000547</subfield></datafield><datafield ind1="4" ind2="0" tag="856"><subfield code="u">http://hdl.handle.net/2333.1/xwdbrwx1</subfield></datafield><datafield ind1=" " ind2=" " tag="959"><subfield code="a">NNU</subfield><subfield code="b">WEB</subfield><subfield code="c">GENI</subfield><subfield code="t">0</subfield><subfield code="m">Electronic access</subfield><subfield code="s">01</subfield></datafield></record>